<?xml version="1.0" encoding="UTF-8"?><record xmlns="http://www.loc.gov/MARC21/slim" xmlns:cinclude="http://apache.org/cocoon/include/1.0" xmlns:zs="http://www.loc.gov/zing/srw/">
  <leader>00518cz  a2200157n  4500</leader>
  <controlfield tag="001">n  50051452 </controlfield>
  <controlfield tag="003">DLC</controlfield>
  <controlfield tag="005">20090220075132.0</controlfield>
  <controlfield tag="008">800818n| acannaabn          |a aaa      </controlfield>
  <datafield tag="010" ind1=" " ind2=" ">
    <subfield code="a">n  50051452 </subfield>
    <subfield code="z">n  79077787 </subfield>
  </datafield>
  <datafield tag="035" ind1=" " ind2=" ">
    <subfield code="a">(OCoLC)oca00086393</subfield>
  </datafield>
  <datafield tag="040" ind1=" " ind2=" ">
    <subfield code="a">DLC</subfield>
    <subfield code="b">eng</subfield>
    <subfield code="c">DLC</subfield>
    <subfield code="d">DJBF</subfield>
    <subfield code="d">OrU</subfield>
    <subfield code="d">OCoLC</subfield>
  </datafield>
  <datafield tag="100" ind1="1" ind2=" ">
    <subfield code="a">Quirin, G. David</subfield>
  </datafield>
  <datafield tag="400" ind1="1" ind2=" ">
    <subfield code="a">Quirin, David</subfield>
  </datafield>
  <datafield tag="670" ind1=" " ind2=" ">
    <subfield code="a">His Economics of oil and gas development in northern Canada, 1962.</subfield>
  </datafield>
  <datafield tag="670" ind1=" " ind2=" ">
    <subfield code="a">Fiscal transfer pricing in multinational corporations, 1979:</subfield>
    <subfield code="b">t.p. (G.D. Quirin)</subfield>
  </datafield>
</record>